<record><leader>00000cas a22000007a 4500</leader><controlfield tag="001">24941184</controlfield><controlfield tag="008">911212d18741875ncuwr ne      0    0eng d</controlfield><datafield ind1=" " ind2=" " tag="010"><subfield code="a">sn 91068756 </subfield></datafield><datafield ind1=" " ind2=" " tag="040"><subfield code="a">NVJ</subfield><subfield code="b">eng</subfield><subfield code="c">NVJ</subfield><subfield code="d">OCLCQ</subfield></datafield><datafield ind1=" " ind2=" " tag="042"><subfield code="a">msc</subfield></datafield><datafield ind1="0" ind2="4" tag="245"><subfield code="a">The Rutherford star and West-Carolina record.</subfield></datafield><datafield ind1="1" ind2="3" tag="246"><subfield code="a">Star &amp; record</subfield></datafield><datafield ind1="3" ind2="0" tag="246"><subfield code="a">Star and record</subfield></datafield><datafield ind1=" " ind2=" " tag="260"><subfield code="a">Rutherfordton, N.C. :</subfield><subfield code="b">J.C. Clendenin, J.B. Carpenter</subfield></datafield><datafield ind1=" " ind2=" " tag="300"><subfield code="a">v.</subfield></datafield><datafield ind1=" " ind2=" " tag="310"><subfield code="a">Weekly</subfield></datafield><datafield ind1="0" ind2=" " tag="362"><subfield code="a">Vol. 7, no. 3 (Feb. 28, 1874)-v. 7, no. 48 (Jan. 30, 1875).</subfield></datafield><datafield ind1=" " ind2=" " tag="500"><subfield code="a">"We to-day change the name of our paper to the Rutherford Star and West-Carolina Record ... again taking the name of the Star ..."</subfield></datafield><datafield ind1=" " ind2=" " tag="515"><subfield code="a">Volume number is a continuation of former Rutherford Star's volume number (ceased in 1872); issue number is a continuation of the West-Carolina record's issue number.</subfield></datafield><datafield ind1=" " ind2=" " tag="752"><subfield code="a">United States</subfield><subfield code="b">North Carolina</subfield><subfield code="c">Rutherford</subfield><subfield code="d">Rutherfordton.</subfield></datafield><datafield ind1="0" ind2="0" tag="780"><subfield code="t">West-Carolina record</subfield><subfield code="w">(DLC)sn 84026453</subfield></datafield></record>